<?xml version="1.0" encoding="UTF-8"?><collection xmlns="http://www.loc.gov/MARC21/slim"><record><leader>00527nam--2200121-i-4500</leader><controlfield tag="001">000003608</controlfield><controlfield tag="002">20161230</controlfield><controlfield tag="005">20161230201025</controlfield><controlfield tag="008">060222s1000------------r-----000-0-eng-d</controlfield><datafield ind1=" " ind2=" " tag="100"><subfield code="a">Culicov, V.V</subfield></datafield><datafield ind1=" " ind2=" " tag="245"><subfield code="a">Montarea aparatajului de inalta frecventa pentru telecomunicatii, telemecanica si protectie pe liniile de transport de energie electrica. traducere din limba rusa, numai pentru uz intern</subfield></datafield><datafield ind1=" " ind2=" " tag="260"><subfield code="a">/Bucuresti/, Ed.Energetica De Stat, 1953</subfield></datafield><datafield ind1=" " ind2=" " tag="490"><subfield code="a">Ministerul Energiei Electrice Si Industriei Electrotehnice. /Litografiat</subfield></datafield></record></collection>